@MISC{wildi2008,
  author = {Wildi, Marc},
  title = {Real-Time Signal Extraction: Beyond Maximum Likelihood Principles},
  month = Oct,
  year = {2010},
  howpublished={\url{http://www.idp.zhaw.ch/de/engineering/idp/forschung/finance-risk-management-and-econometrics/signal-extraction-and-forecasting/signal-extraction.html}}
}
